@article{bc-ee,
  author = {Liu, Xu-Ying and Wu, Jianxin and Zhou, Zhi-Hua},
  title = {Exploratory Undersampling for Class-imbalance Learning},
  journal = {Trans. Sys. Man Cyber. Part B},
  issue_date = {April 2009},
  volume = {39},
  number = {2},
  month = apr,
  year = {2009},
  issn = {1083-4419},
  pages = {539--550},
  numpages = {12},
  url = {http://dx.doi.org/10.1109/TSMCB.2008.2007853},
  doi = {10.1109/TSMCB.2008.2007853},
  acmid = {1656749},
  publisher = {IEEE Press},
  address = {Piscataway, NJ, USA},
  keywords = {Class-imbalance learning, class-imbalance learning, data mining, ensemble learning, machine learning, undersampling},
}

@inproceedings{clusteross,
  title={ClusterOSS: a new undersampling method for imbalanced learning},
  author={Victor H Barella and Eduardo P. Costa and Andr{\'e} C. P. L. F. Carvalho},
  year={2014}
}

@article{cnn,
  author = {Hart, P.},
  title = {The Condensed Nearest Neighbor Rule (Corresp.)},
  journal = {IEEE Trans. Inf. Theor.},
  issue_date = {May 1968},
  volume = {14},
  number = {3},
  month = sep,
  year = {2006},
  issn = {0018-9448},
  pages = {515--516},
  numpages = {2},
  url = {https://doi.org/10.1109/TIT.1968.1054155},
  doi = {10.1109/TIT.1968.1054155},
  acmid = {2267647},
  publisher = {IEEE Press},
  address = {Piscataway, NJ, USA},
} 

@inproceedings{cpm,
  author = {Yoon, Kihoon and Kwek, Stephen},
  title = {An Unsupervised Learning Approach to Resolving the Data Imbalanced Issue in Supervised Learning Problems in Functional Genomics},
  booktitle = {Proceedings of the Fifth International Conference on Hybrid Intelligent Systems},
  series = {HIS '05},
  year = {2005},
  isbn = {0-7695-2457-5},
  pages = {303--308},
  numpages = {6},
  url = {https://doi.org/10.1109/ICHIS.2005.23},
  doi = {10.1109/ICHIS.2005.23},
  acmid = {1112184},
  publisher = {IEEE Computer Society},
  address = {Washington, DC, USA},
}

@article{enn,
  author = {L. Wilson, Dennis},
  year = {1972},
  month = {08},
  pages = {408 - 421},
  title = {Asymptotic Properties of Nearest Neighbor Rules Using Edited Data},
  volume = {2},
  booktitle = {Systems, Man and Cybernetics, IEEE Transactions on}
}

@article{eus,
  author = {Garc\'{\i}a, Salvador and Herrera, Francisco},
  title = {Evolutionary Undersampling for Classification with Imbalanced Datasets: Proposals and Taxonomy},
  journal = {Evol. Comput.},
  issue_date = {Fall 2009},
  volume = {17},
  number = {3},
  month = sep,
  year = {2009},
  issn = {1063-6560},
  pages = {275--306},
  numpages = {32},
  url = {http://dx.doi.org/10.1162/evco.2009.17.3.275},
  doi = {10.1162/evco.2009.17.3.275},
  acmid = {1641277},
  publisher = {MIT Press},
  address = {Cambridge, MA, USA},
  keywords = {Classification, class imbalance problem, evolutionary algorithms, prototype selection, undersampling},
} 

@inproceedings{ihts,
  title={An Empirical Study of Instance Hardness},
  author={Michael R. Smith and Tony Martinez and Christophe G. Giraud-Carrier},
  year={2011}
}

@article{ipade,
  author = {L\'{o}pez, Victoria and Triguero, Isaac and Carmona, Crist\'{o}bal J. and Garc\'{\i}a, Salvador and Herrera, Francisco},
  title = {Addressing Imbalanced Classification with Instance Generation Techniques: IPADE-ID},
  journal = {Neurocomput.},
  issue_date = {February, 2014},
  volume = {126},
  month = feb,
  year = {2014},
  issn = {0925-2312},
  pages = {15--28},
  numpages = {14},
  url = {http://dx.doi.org/10.1016/j.neucom.2013.01.050},
  doi = {10.1016/j.neucom.2013.01.050},
  acmid = {2561234},
  publisher = {Elsevier Science Publishers B. V.},
  address = {Amsterdam, The Netherlands, The Netherlands},
  keywords = {Decision tree, Differential evolution, Imbalanced datasets, Instance generation, Nearest neighbor},
}

@inproceedings{ncl,
  author = {Laurikkala, Jorma},
  title = {Improving Identification of Difficult Small Classes by Balancing Class Distribution},
  booktitle = {Proceedings of the 8th Conference on AI in Medicine in Europe: Artificial Intelligence Medicine},
  series = {AIME '01},
  year = {2001},
  isbn = {3-540-42294-3},
  pages = {63--66},
  numpages = {4},
  url = {http://dl.acm.org/citation.cfm?id=648155.757340},
  acmid = {757340},
  publisher = {Springer-Verlag},
  address = {London, UK, UK},
} 

@inproceedings{nm,
  added-at = {2006-03-09T15:13:30.000+0100},
  author = {Zhang, J. and Mani, I.},
  biburl = {https://www.bibsonomy.org/bibtex/2cf4d2ac8bdac874b3d4841b4645a5a90/diana},
  booktitle = {{Proceedings of the ICML'2003 Workshop on Learning from Imbalanced Datasets}},
  description = {The big one},
  interhash = {3eeaa44fb8013212029025a680f2bb74},
  intrahash = {cf4d2ac8bdac874b3d4841b4645a5a90},
  keywords = {imported},
  timestamp = {2006-03-09T15:13:30.000+0100},
  title = {{KNN Approach to Unbalanced Data Distributions: A Case Study Involving Information Extraction}},
  year = 2003
}

@inproceedings{oss,
  author = {Miroslav Kubat and Stan Matwin},
  title = {Addressing the Curse of Imbalanced Training Sets: One-Sided Selection},
  booktitle = {In Proceedings of the Fourteenth International Conference on Machine Learning},
  year = {1997},
  pages = {179--186},
  publisher = {Morgan Kaufmann}
}

@inbook{sbc,
  author="Yen, Show-Jane and Lee, Yue-Shi",
  editor="Huang, De-Shuang and Li, Kang and Irwin, George William",
  title="Under-Sampling Approaches for Improving Prediction of the Minority Class in an Imbalanced Dataset",
  bookTitle="Intelligent Control and Automation: International Conference on Intelligent Computing, ICIC 2006 Kunming, China, August 16--19, 2006",
  year="2006",
  publisher="Springer Berlin Heidelberg",
  address="Berlin, Heidelberg    ",
  pages="731--740",
  isbn="978-3-540-37256-1",
  doi="10.1007/978-3-540-37256-1_89",
  url="https://doi.org/10.1007/978-3-540-37256-1_89"
}

@article{tl,
  author = {Tomek, Ivan},
  year = {1976},
  month = {11},
  pages = {},
  title = {Two modifications of CNN},
  volume = {6},
  booktitle = {IEEE Transactions on Systems, Man, and Cybernetics}
}





















@article{Knuth92,
        author = "D.E. Knuth",
        title = "Two notes on notation",
        journal = "Amer. Math. Monthly",
        volume = "99",
        year = "1992",
        pages = "403--422",
}

@book{ConcreteMath,
        author = "R.L. Graham and D.E. Knuth and O. Patashnik",
        title = "Concrete mathematics",
        publisher = "Addison-Wesley",
        address = "Reading, MA",
        year = "1989"
}

@unpublished{Simpson,
        author = "H. Simpson",
        title = "Proof of the {R}iemann {H}ypothesis",
        note = "preprint (2003), available at
        \texttt{http://www.math.drofnats.edu/riemann.ps}",
        year = "2003"
}

@incollection{Er01,
        author = "P. Erd{\H o}s",
        title = "A selection of problems and results in combinatorics",
        booktitle = "Recent trends in combinatorics (Matrahaza, 1995)",
        publisher = "Cambridge Univ. Press",
        address = "Cambridge",
        pages = "1--6",
        year = "1995"
}
@article{greenwade93,
    author  = "George D. Greenwade",
    title   = "The {C}omprehensive {T}ex {A}rchive {N}etwork ({CTAN})",
    year    = "1993",
    journal = "TUGBoat",
    volume  = "14",
    number  = "3",
    pages   = "342--351"
}
